<?xml version="1.0" encoding="UTF-8"?><collection xmlns="http://www.loc.gov/MARC21/slim"><record><leader>00302nam--2200121-i-4500</leader><controlfield tag="001">000027625</controlfield><controlfield tag="002">20161230</controlfield><controlfield tag="005">20161230201036</controlfield><controlfield tag="008">060222s1000------------r-----000-0-eng-d</controlfield><datafield ind1=" " ind2=" " tag="100"><subfield code="a">Landau L, Et Lifchitz E</subfield></datafield><datafield ind1=" " ind2=" " tag="245"><subfield code="a">Mecanique</subfield></datafield><datafield ind1=" " ind2=" " tag="260"><subfield code="a">Moscou, Editions En Langues Etrangers, 1960, 235p</subfield></datafield><datafield ind1=" " ind2=" " tag="852"><subfield code="a">7225</subfield></datafield></record></collection>